@book{suttonbarto,
    author = "Richard S. Sutton and Andrew G. Barto",
    title = "Reinforcement Learning: An Introduction",
    publisher = "The MIT Press",
    address = "Cambridge, MA",
    year = "2002",
    url = "www.cs.ualberta.ca/sutton/book/ebook/index.html" }

@mastersthesis{evvsrl,
  author = "Clinton Brett McLean",
  title = "Design, Evaluation and Comparrison of evolution and reinforcement learning models",
  school = "Rhodes University",
  year = "2001"
  }

@mastersthesis{phil,
  author = "Philip Jonathan Sterne",
  title = "Reinforcement Sailing",
  school = "The University of Edinburgh",
  year = "2004"
  }

@mastersthesis{mathproof,
  author = "John Brzustowski",
  title = "Can you win at Tetris?",
  school = "University of British Columbia",
  year = "1992"
  }

@article{ melaxtetris,
    author = "Stan Melax",
    title = "Reinforcement Learning Tetris Example",
    year = "1998",
    url = "http://www.melax.com/tetris/" }

@article{ yaeltetris,
    author = "Yael Bdolah and Dror Livnat",
    title = "Reinforcement Learning Playing Tetris",
    year = "2000",
    url = "http://www.math.tau.ac.il/~mansour/rl-course/student\_proj/livnat/tetris.html" }

@article{ losetetris,
    author = "Heidi Burgiel",
    title = "How to Lose at Tetris",
    journal = "Mathematical Gazette",
    volume = "81:491",
    pages = "194-200",
    month = "July",
    year = "1997",
    url = "http://www.findarticles.com/p/articles/mi\_qa3773/is\_199803/ai\_n8785130" }

@article{ hardtet,
    author = "Ron Breukelaar and Erik D. Demaine and Susan Hohenberger and Hendrik Jan Hoogeboom and Walter A. Kosters and David Liben-Nowell",
    title = "Tetris is Hard, Even to Approximate",
    journal = "International Journal of Computational Geometry \& Applications",
    volume = "14:1-2",
    pages = "41",
    year = "2004",
    url = "http://theory.csail.mit.edu/~dln/papers/tetris/tetris.pdf"
    }

@article{ tdgammon,
    author = "Gerald Tesauro",
    title = "Temporal Difference Learning and TD-Gammon",
    journal = "Communications of the ACM",
    volume = "38",
    number = "3",
    year = "1995",
    url = "www.research.ibm.com/massive/tdl.html" }

@article{ tsitsiklis96featurebased,
    author = "John N. Tsitsiklis and Benjamin Van Roy",
    title = "Feature-Based Methods for Large Scale Dynamic Programming",
    journal = "Machine Learning",
    volume = "22",
    number = "1-3",
    pages = "59-94",
    year = "1996",
    url = "citeseer.ist.psu.edu/tsitsiklis94featurebased.html" }

@inproceedings{ gordon95stable,
    author = "Geoffrey J. Gordon",
    title = "Stable function approximation in dynamic programming",
    booktitle = "Proceedings of the Twelfth International Conference on Machine Learning",
    publisher = "Morgan Kaufmann",
    address = "San Francisco, CA",
    editor = "Armand Prieditis and Stuart Russell",
    pages = "261--268",
    year = "1995",
    url = "citeseer.ist.psu.edu/gordon95stable.html" }

@inproceedings{ iii95residual,
    author = "Leemon C. Baird {III}",
    title = "Residual Algorithms: Reinforcement Learning with Function Approximation",
    booktitle = "International Conference on Machine Learning",
    pages = "30-37",
    year = "1995",
    url = "citeseer.ist.psu.edu/baird95residual.html" }

@inproceedings{ boyan95generalization,
    author = "Justin A. Boyan and Andrew W. Moore",
    title = "Generalization in Reinforcement Learning: {S}afely Approximating the Value Function",
    booktitle = "Advances in Neural Information Processing Systems 7",
    publisher = "The MIT Press",
    address = "Cambridge, MA",
    editor = "G. Tesauro and D. S. Touretzky and T. K. Leen",
    pages = "369--376",
    year = "1995",
    url = "citeseer.ist.psu.edu/boyan95generalization.html" }

@inproceedings{ sutton96generalization,
    author = "Richard S. Sutton",
    title = "Generalization in Reinforcement Learning: Successful Examples Using Sparse Coarse Coding",
    booktitle = "Advances in Neural Information Processing Systems",
    volume = "8",
    publisher = "The {MIT} Press",
    editor = "David S. Touretzky and Michael C. Mozer and Michael E. Hasselmo",
    pages = "1038--1044",
    year = "1996",
    url = "citeseer.ist.psu.edu/sutton96generalization.html" }

@misc{ for-factored,
  author = "Brian Sallans For",
  title = "Factored Markov Decision Processes",
  url = "citeseer.ist.psu.edu/719631.html" }

@misc{ tetstand,
  author = "Colin P. Fahey",
  title = "Tetris Specifications \& World Records",
  url = "http://www.colinfahey.com/2003jan\_tetris/2003jan\_tetris.htm",
  year = "2003"
  }

@misc{ gatetris,
  author = "Roger Espel Llima",
  title = "Xtris Readme",
  url = "http://www.iagora.com/~espel/xtris/README",
  year = "2005"
  }

@misc{ cuttingtet,
  author = "V. Daniel Veksler and Wayne D. Gray",
  title = "State Definition in the Tetris Task:Designing a Hybrid Model of Cognition",
  school = "Cognitive Science Department Rensselaer Polytechnic Institute",
  url = "http://www.cogsci.rpi.edu/cogworks/?view=modules.user.spec\&id=24",
  year = "2005"
  }

@phdthesis{ gordon99approximate,
  author = "G. Gordon",
  title = "Approximate Solutions to Markov Decision Processes",
  school = "Carnegie Mellon University",
  year = "1999",
  url = "citeseer.ist.psu.edu/gordon99approximate.html" }

@phdthesis{ kurt,
  author = "Kurt Driessens",
  title = "Relational Reinforcement Learning",
  school = "Catholic University of Leuven",
  year = "2004",
  url = "http://www.cs.kuleuven.ac.be/~kurtd/PhD/" }

@misc{ keepaway,
  author = " Richard S. Sutton and Gregory Kuhlmann and Peter Stone ",
  title = "Reinforement Learning for RoboCup-Soccer Keepaway",
  year = "2005"
  }

@inproceedings{ tetrisconstraint,
  author = "Vivek F. Farias and Benjamin Van Roy",
  school = "Stanford University",
  title = "Tetris:A Study of Randomized Constraint Sampling",
  booktitle = "To appear in Probabilistic and Randomized Methods for Design Under Uncertainty",
  publisher = "Springer-Verlag",
  year = "2005"
}

@inproceedings{ boyan94packet,
    author = "Justin A. Boyan and Michael L. Littman",
    title = "Packet Routing in Dynamically Changing Networks: {A} Reinforcement Learning Approach",
    booktitle = "Advances in Neural Information Processing Systems",
    volume = "6",
    publisher = "Morgan Kaufmann Publishers, Inc.",
    editor = "Jack D. Cowan and Gerald Tesauro and Joshua Alspector",
    pages = "671--678",
    year = "1994",
    url = "citeseer.ist.psu.edu/boyan94packet.html" }

@inproceedings{ baxter98knightcap,
    author = "Jonathan Baxter and Andrew Trigdell and Lex Weaver",
    title = "KnightCap: a chess program that learns by combining {TD}($\lambda$) with game-tree search",
    booktitle = "Proc. 15th International Conf. on Machine Learning",
    publisher = "Morgan Kaufmann, San Francisco, CA",
    pages = "28--36",
    year = "1998",
    url = "citeseer.ist.psu.edu/baxter98knightcap.html" }

@inproceedings{ rlrobotics,
    author = "H. Kimura and K. Miyazaki and S. Kobayashi",
    title = "Reinforcement Learning in POMDPs with Function Approximation",
    booktitle = "Proc. 14th International Conf. on Machine Learning",
    publisher = "Morgan Kaufmann, San Francisco, CA",
    pages = "152--160",
    year = "1997",
    url = "http://www.fe.dis.titech.ac.jp/~gen/robot/robodemo.html" }

@inproceedings{ thrun93issues,
    author = "Sebastian Thrun and Anton Schwartz",
    title = "{Issues in Using Function Approximation for Reinforcement Learning}",
    booktitle = "Proceedings of the 1993 Connectionist Models Summer School",
    publisher = "Lawrence Erlbaum",
    address = "Hillsdale, NJ",
    editor = "M. Mozer and P. Smolensky and D. Touretzky and J. Elman and A. Weigend",
    year = "1993",
    url = "citeseer.ist.psu.edu/thrun93issues.html" }

@inproceedings{ preux:ecml2002,
  AUTHOR = "Philippe Preux",
  TITLE = "Propagation of Q-values in Tabular TD(lambda)",
  YEAR = 2002,
  MONTH = Aug,
  BOOKTITLE = "Proc. 13th European Conference on Machine Learning (ECML)",
  EDITOR = "T. Elomaa and H. Mannila and H. Toivonen",
  PUBLISHER = "Springer-Verlag",
  SERIES = "{LNAI}",
  PAGES = "369--380",
  VOLUME = 2430,
  url = "citeseer.ist.psu.edu/565125.html" }

@article{ sutton88learning,
    author = "Richard S. Sutton",
    title = "Learning to Predict by the Methods of Temporal Differences",
    journal = "Machine Learning",
    volume = "3",
    pages = "9-44",
    year = "1988",
    url = "citeseer.ist.psu.edu/sutton88learning.html" }

@inproceedings{ tesauro92practical,
    author = "Gerald Tesauro",
    title = "Practical Issues in Temporal Difference Learning",
    booktitle = "Advances in Neural Information Processing Systems",
    volume = "4",
    publisher = "Morgan Kaufmann Publishers, Inc.",
    editor = "John E. Moody and Steve J. Hanson and Richard P. Lippmann",
    pages = "259--266",
    year = "1992",
    url = "citeseer.ist.psu.edu/tesauro92practical.html" }

@inproceedings{ jaakkola95reinforcement,
    author = "Tommi Jaakkola and Satinder P. Singh and Michael I. Jordan",
    title = "Reinforcement Learning Algorithm for Partially Observable {M}arkov Decision Problems",
    booktitle = "Advances in Neural Information Processing Systems",
    volume = "7",
    publisher = "The {MIT} Press",
    editor = "G. Tesauro and D. Touretzky and T. Leen",
    pages = "345--352",
    year = "1995",
    url = "citeseer.ist.psu.edu/jaakkola95reinforcement.html" }

@article{ kaelbling96reinforcement,
    author = "Leslie Pack Kaelbling and Michael L. Littman and Andrew P. Moore",
    title = "Reinforcement Learning: A Survey",
    journal = "Journal of Artificial Intelligence Research",
    volume = "4",
    pages = "237-285",
    year = "1996",
    url = "citeseer.ist.psu.edu/kaelbling96reinforcement.html" }

@inproceedings{ elevator,
    author = "Crites, R. H. and Barto, A. G.",
    title = "Improving elevator performance using reinforcement learning",
    booktitle = "Advances in Neural Information Processing Systems: Proceedings of the 1995 Conference",
    publisher = "MIT Press",
    address = "Cambridge, MA",
    editor = "D. S. Touretzky and M. C. Mozer and M. E. H.",
    pages = "1017-1023",
    year = "1996"
}

